@article{de2020two,
  title={Two-way fixed effects estimators with heterogeneous treatment effects},
  author={De Chaisemartin, Cl{\'e}ment and d'Haultfoeuille, Xavier},
  journal={American Economic Review},
  volume={110},
  number={9},
  pages={2964--2996},
  year={2020},
  publisher={American Economic Association 2014 Broadway, Suite 305, Nashville, TN 37203}
}

@article{goodman2021difference,
  title={Difference-in-differences with variation in treatment timing},
  author={Goodman-Bacon, Andrew},
  journal={Journal of Econometrics},
  volume={225},
  number={2},
  pages={254--277},
  year={2021},
  publisher={Elsevier}
}

@article{callaway2021difference,
  title={Difference-in-differences with multiple time periods},
  author={Callaway, Brantly and Sant'Anna, Pedro HC},
  journal={Journal of Econometrics},
  volume={225},
  number={2},
  pages={200--230},
  year={2021},
  publisher={Elsevier}
}

@article{rambachan2023more,
  title={A more credible approach to parallel trends},
  author={Rambachan, Ashesh and Roth, Jonathan},
  journal={Review of Economic Studies},
  pages={2555--2591},
  volume={90},
  number={5},
  year={2023},
  publisher={Oxford University Press US}
}

@article{Andrews2023inference,
  title={Inference for Linear Conditional Moment Inequalities},
  author={Andrews, Isaiah and Roth, Jonathan and Pakes, Ariel},
  journal={Review of Economic Studies},
  pages={Forthcoming},
  year={2023},
  publisher={Oxford University Press US}
}

@article{benzarti2019really,
  title={Who really benefits from consumption tax cuts? Evidence from a large VAT reform in France},
  author={Benzarti, Youssef and Carloni, Dorian},
  journal={American Economic Journal: Economic Policy},
  volume={11},
  number={1},
  pages={38--63},
  year={2019},
  publisher={American Economic Association}
}

@article{roth2023s,
  title={What’s trending in difference-in-differences? A synthesis of the recent econometrics literature},
  author={Roth, Jonathan and Sant'Anna, Pedro HC and Bilinski, Alyssa and Poe, John},
  journal={Journal of Econometrics},
  year={2023},
  volume={235},
  number={2},
  pages={2218--2244},
  publisher={Elsevier}
}

@article{Zhang2023,
 title={事件研究法的实现、问题和拓展},
 author={张子尧  and 黄炜},
 journal={数量经济技术经济研究},
 year={2023},
 volume={40},
 number={9},
 pages={71--92}
}

@article{sun2021estimating,
  title={Estimating dynamic treatment effects in event studies with heterogeneous treatment effects},
  author={Sun, Liyang and Abraham, Sarah},
  journal={Journal of Econometrics},
  volume={225},
  number={2},
  pages={175--199},
  year={2021},
  publisher={Elsevier}
}

@article{roth2022pretest,
  title={Pretest with caution: Event-study estimates after testing for parallel trends},
  author={Roth, Jonathan},
  journal={American Economic Review: Insights},
  volume={4},
  number={3},
  pages={305--322},
  year={2022},
  publisher={American Economic Association 2014 Broadway, Suite 305, Nashville, TN 37203}
}
