@book{amemiya1985advanced,
  title={Advanced Econometrics},
  author={Amemiya, Takeshi},
  year={1985},
  publisher={Cambridge: Harvard University Press}
}

@article{andrews1991heteroskedasticity,
  title={Heteroskedasticity and Autocorrelation Consistent Covariance Matrix Estimation},
  author={Andrews, Donald WK},
  journal={Econometrica},
  volume={59},
  number={3},
  pages={817--858},
  year={1991},
  publisher={JSTOR}
}

@book{angrist2009mostly,
  title={Mostly Harmless Econometrics: An Empiricist's Companion},
  author={Angrist, Joshua D and Pischke, Jorn-Steffen},
  year={2009},
  publisher={Princeton: Princeton University Press}
}

@article{arellano1987computing,
  title={Computing robust standard errors for within-groups estimators},
  author={Arellano, Manuel},
  journal={Oxford Bulletin of Economics and Statistics},
  volume={49},
  number={4},
  pages={431--434},
  year={1987},
  publisher={Department of Economics, University of Oxford}
}

@book{athreya2006measure,
  title={Measure Theory and Probability Theory},
  author={Athreya, Krishna B and Lahiri, Soumendra N},
  year={2006},
  publisher={New York: Springer}
}

@article{billingsley1961lindeberg,
  title={The Lindeberg-Levy Theorem for Martingales},
  author={Billingsley, Patrick},
  journal={Proceedings of the American Mathematical Society},
  volume={12},
  number={5},
  pages={788--792},
  year={1961}
}

@book{davidson2020stochastic,
  title={Stochastic limit theory: An introduction for econometricians},
  author={Davidson, James},
  year={2020},
  publisher={Oxford: Oxford University Press}
}

@article{duflo2011peer,
  title={Peer effects, teacher incentives, and the impact of tracking: Evidence from a randomized evaluation in Kenya},
  author={Duflo, Esther and Dupas, Pascaline and Kremer, Michael},
  journal={American Economic Review},
  volume={101},
  number={5},
  pages={1739--1774},
  year={2011}
}

@book{durrett2019probability,
  title={Probability: Theory and Examples},
  author={Durrett, Rick},
  year={2019},
  publisher={Cambridge: Cambridge University Press}
}

@article{etemadi1981elementary,
  title={An Elementary Proof of the Strong Law of Large Numbers},
  author={Etemadi, Nasrollah},
  journal={Zeitschrift f{\"u}r Wahrscheinlichkeitstheorie und verwandte Gebiete},
  volume={55},
  number={1},
  pages={119--122},
  year={1981},
  publisher={Springer}
}

@article{fatas2001government,
  title={Government Size and Automatic Stabilizers: International and Intranational Evidence},
  author={Fat{\'a}s, Antonio and Mihov, Ilian},
  journal={Journal of International Economics},
  volume={55},
  number={1},
  pages={3--28},
  year={2001},
  publisher={Elsevier}
}

@article{frisch1933partial,
  title={Partial Time Regressions as Compared with Individual Trends},
  author={Frisch, Ragnar and Waugh, Frederick V},
  journal={Econometrica},
  pages={387--401},
  volume={1},
  number={4},
  year={1933},
  publisher={JSTOR}
}

@article{hansen2022modern,
  title={A Modern Gauss--Markov Theorem},
  author={Hansen, Bruce E},
  journal={Econometrica},
  volume={90},
  number={3},
  pages={1283--1294},
  year={2022},
  publisher={Wiley Online Library}
}

@book{hansen2022econometrics,
  title={Econometrics},
  author={Hansen, Bruce E},
  year={2022},
  publisher={Princeton: Princeton University Press}
}

@book{hansen2022probability,
  title={Probability and Statistics for Economists},
  author={Hansen, Bruce E},
  year={2022},
  publisher={Princeton: Princeton University Press}
}

@article{hansen1982large,
  title={Large Sample Properties of Generalized Method of Moments Estimators},
  author={Hansen, Lars Peter},
  journal={Econometrica},
  volume={50},
  number={4},
  pages={1029--1054},
  year={1982},
  publisher={JSTOR}
}

@article{hausman1978specification,
  title={Specification Tests in Econometrics},
  author={Hausman, Jerry A},
  journal={Econometrica},
  volume={46},
  number={6},
  pages={1251--1271},
  year={1978},
  publisher={JSTOR}
}

@article{hausman1981panel,
  title={Panel Data and Unobservable Individual Effects},
  author={Hausman, Jerry A and Taylor, William E},
  journal={Econometrica},
  volume={49},
  number={6},
  pages={1377--1398},
  year={1981},
  publisher={JSTOR}
}

@article{holland1986statistics,
  title={Statistics and Causal Inference},
  author={Holland, Paul W},
  journal={Journal of the American Statistical Association},
  volume={81},
  number={396},
  pages={945--960},
  year={1986},
  publisher={Taylor \& Francis}
}

@book{hong2017probability,
  title={Probability and Statistics for Economists},
  author={Hong, Yongmiao},
  year={2017},
  publisher={Singapore: World Scientific}
}

@book{hong2020foundations,
  title={Foundations of Modern Econometrics: A Unified Approach},
  author={Hong, Yongmiao},
  year={2020},
  publisher={Singapore: World Scientific}
}

@article{jennrich1969asymptotic,
  title={Asymptotic Properties of Non-Linear Least Squares Estimators},
  author={Jennrich, Robert I},
  journal={Annals of Mathematical Statistics},
  volume={40},
  number={2},
  pages={633--643},
  year={1969},
  publisher={JSTOR}
}

@book{klenke2013probability,
  title={Probability Theory: A Comprehensive Course},
  author={Klenke, Achim},
  year={2013},
  publisher={New York: Springer Science \& Business Media}
}

@article{mann1943stochastic,
  title={On stochastic limit and order relationships},
  author={Mann, Henry B and Wald, Abraham},
  journal={Annals of Mathematical Statistics},
  volume={14},
  number={3},
  pages={217--226},
  year={1943},
  publisher={JSTOR}
}

@article{newey1987simple,
  title={A Simple, Positive Semi-Definite, Heteroskedasticity and Autocorrelation Consistent Covariance Matrix},
  author={Newey, Whitney K and West, Kenneth D},
  journal={Econometrica},
  volume={55},
  number={3},
  pages={703--708},
  year={1987},
  publisher={National Bureau of Economic Research Cambridge, Mass., USA}
}

@article{portnoy2022linearity,
  title={Linearity of unbiased linear model estimators},
  author={Portnoy, Stephen},
  journal={American Statistician},
  volume={76},
  number={4},
  pages={372--375},
  year={2022},
  publisher={Taylor \& Francis}
}

@article{rubin1974estimating,
  title={Estimating Causal Effects of Treatments in Randomized and Nonrandomized Studies},
  author={Rubin, Donald B},
  journal={Journal of Educational Psychology},
  volume={66},
  number={5},
  pages={688--701},
  year={1974},
  publisher={American Psychological Association}
}

@book{rudin1976principles,
  title={Principles of mathematical analysis},
  author={Rudin, Walter},
  year={1976},
  publisher={New York: McGraw-hill}
}

@article{cragg1971some,
  title={Some statistical models for limited dependent variables with application to the demand for durable goods},
  author={Cragg, John G},
  journal={Econometrica},
  volume={39},
  number={5},
  pages={829--844},
  year={1971},
  publisher={JSTOR}
}

@article{heckman1976common,
  title={The common structure of statistical models of truncation, sample selection and limited dependent variables and a simple estimator for such models},
  author={Heckman, James J},
  booktitle={Annals of Economic and Social Measurement},
  volume={5},
  number={4},
  pages={475--492},
  year={1976},
  publisher={NBER}
}

@article{heckman1979sample,
  title={Sample selection bias as a specification error},
  author={Heckman, James J},
  journal={Econometrica},
  volume={47},
  number={1},
  pages={153--161},
  year={1979},
  publisher={JSTOR}
}

@article{sargan1958estimation,
  title={The Estimation of Economic Relationships Using Instrumental Variables},
  author={Sargan, John D},
  journal={Econometrica},
  volume={26},
  number={3},
  pages={393--415},
  year={1958},
  publisher={JSTOR}
}

@article{white1980heteroskedasticity,
  title={A Heteroskedasticity-Consistent Covariance Matrix Estimator and A Direct Test for Heteroskedasticity},
  author={White, Halbert},
  journal={Econometrica},
  volume={48},
  number={4},
  pages={817--838},
  year={1980},
  publisher={JSTOR}
}

@book{wooldridge2010econometric,
  title={Econometric Analysis of Cross Section and Panel Data},
  author={Wooldridge, Jeffrey M},
  year={2010},
  publisher={Cambridge: MIT Press}
}

@book{wooldridge2019introductory,
  title={Introductory Econometrics: A Modern Approach},
  author={Wooldridge, Jeffrey M},
  year={2019},
  publisher={Boston: Cengage Learning}
}

@article{zellner1962efficient,
  title={An efficient method of estimating seemingly unrelated regressions and tests for aggregation bias},
  author={Zellner, Arnold},
  journal={Journal of the American Statistical Association},
  volume={57},
  number={298},
  pages={348--368},
  year={1962},
  publisher={Taylor \& Francis}
}

@article{abadie2023should,
  title={When should you adjust standard errors for clustering?},
  author={Abadie, Alberto and Athey, Susan and Imbens, Guido W and Wooldridge, Jeffrey M},
  journal={Quarterly Journal of Economics},
  volume={138},
  number={1},
  pages={1--35},
  year={2023},
  publisher={Oxford Academic}
}

@article{pagan1984econometric,
  title={Econometric issues in the analysis of regressions with generated regressors},
  author={Pagan, Adrian},
  journal={International Economic Review},
  volume={25},
  number={1},
  pages={221--247},
  year={1984},
  publisher={JSTOR}
}

@article{staiger1994instrumental,
  title={Instrumental variables regression with weak instruments},
  author={Staiger, Douglas O and Stock, James H},
  journal={Econometrica},
  volume={65},
  number={3},
  pages={557--586},
  year={1994},
  publisher={JSTOR}
}

@inbook{16284,
	title = {Testing for Weak Instruments in Linear IV Regression},
	booktitle = {Identification and Inference for Econometric Models},
	year = {2005},
	pages = {80-108},
	publisher = {Cambridge: Cambridge University Press},
	organization = {Cambridge University Press},
	address = {New York},
	author = {James H Stock and Motohiro Yogo},
	editor = {Andrews, D W K and Stock, J H}
}

@article{kinal1980existence,
  title={The existence of moments of k-class estimators},
  author={Kinal, Terrence W},
  journal={Econometrica},
  volume={48},
  number={1},
  pages={241--249},
  year={1980},
  publisher={JSTOR}
}

@article{kleibergen2006generalized,
  title={Generalized reduced rank tests using the singular value decomposition},
  author={Kleibergen, Frank and Paap, Richard},
  journal={Journal of Econometrics},
  volume={133},
  number={1},
  pages={97--126},
  year={2006},
  publisher={Elsevier}
}

@inbook{wooldridge1995score,
  title={Score diagnostics for linear models estimated by two stage least squares},
  author={Wooldridge, Jeffrey M},
  booktitle={Advances in econometrics and quantitative economics},
  editor={Maddala, G S and Phillips, P C B, and Srinivasan, T N},
  pages={66--87},
  year={1995},
  publisher={Oxford: Blackwell}
}

@inbook{newey1994large,
  title={Large sample estimation and hypothesis testing},
  author={Newey, Whitney K and McFadden, Daniel},
  booktitle={Handbook of econometrics},
  editor={Engle, R F and MacFadden, D},
  pages={2111--2245},
  volume={4},
  year={1994},
  publisher={Amsterdam: North Holland}
}

@book{white1994estimation,
  title={Estimation, inference and specification analysis},
  author={White, Halbert},
  year={1994},
  publisher={Cambridge: Cambridge University Press}
}

@book{hayashi2011econometrics,
  title={Econometrics},
  author={Hayashi, Fumio},
  year={2000},
  publisher={Princeton: Princeton University Press}
}

@article{stock2008heteroskedasticity,
  title={Heteroskedasticity-robust standard errors for fixed effects panel data regression},
  author={Stock, James H and Watson, Mark W},
  journal={Econometrica},
  volume={76},
  number={1},
  pages={155--174},
  year={2008},
  publisher={Wiley Online Library}
}

@book{greene2017econometric,
  title={Econometric analysis},
  author={Greene, William H},
  year={2017},
  publisher={New York: Pearson}
}

@article{arellano1991some,
  title={Some tests of specification for panel data: Monte Carlo evidence and an application to employment equations},
  author={Arellano, Manuel and Bond, Stephen},
  journal={Review of Economic Studies},
  volume={58},
  number={2},
  pages={277--297},
  year={1991},
  publisher={Wiley-Blackwell}
}

@article{nickell1981biases,
  title={Biases in dynamic models with fixed effects},
  author={Nickell, Stephen},
  journal={Econometrica},
  volume={49},
  number={6},
  pages={1417--1426},
  year={1981},
  publisher={JSTOR}
}

@article{anderson1982formulation,
  title={Formulation and estimation of dynamic models using panel data},
  author={Anderson, Theodore Wilbur and Hsiao, Cheng},
  journal={Journal of Econometrics},
  volume={18},
  number={1},
  pages={47--82},
  year={1982},
  publisher={Elsevier}
}

@article{arellano1995another,
  title={Another look at the instrumental variable estimation of error-components models},
  author={Arellano, Manuel and Bover, Olympia},
  journal={Journal of Econometrics},
  volume={68},
  number={1},
  pages={29--51},
  year={1995},
  publisher={Elsevier}
}

@article{blundell1998initial,
  title={Initial conditions and moment restrictions in dynamic panel data models},
  author={Blundell, Richard and Bond, Stephen},
  journal={Journal of Econometrics},
  volume={87},
  number={1},
  pages={115--143},
  year={1998},
  publisher={Elsevier}
}

@article{wooldridge2015control,
  title={Control function methods in applied econometrics},
  author={Wooldridge, Jeffrey M},
  journal={Journal of Human Resources},
  volume={50},
  number={2},
  pages={420--445},
  year={2015},
  publisher={University of Wisconsin Press}
}

@article{amemiya1986instrumental,
  title={Instrumental-variable estimation of an error-components model},
  author={Amemiya, Takeshi and MaCurdy, Thomas E},
  journal={Econometrica},
  volume={54},
  number={4},
  pages={869--880},
  year={1986},
  publisher={JSTOR}
}

@article{dube2020queens,
  title={Queens},
  author={Dube, Oeindrila and Harish, SP},
  journal={Journal of Political Economy},
  volume={128},
  number={7},
  pages={2579--2652},
  year={2020},
  publisher={The University of Chicago Press Chicago, IL}
}

@article{white1982maximum,
  title={Maximum likelihood estimation of misspecified models},
  author={White, Halbert},
  journal={Econometrica},
  volume={50},
  number={1},
  pages={1--25},
  year={1982},
  publisher={JSTOR}
}

@article{vuong1989likelihood,
  title={Likelihood ratio tests for model selection and non-nested hypotheses},
  author={Vuong, Quang H},
  journal={Econometrica},
  volume={57},
  number={2},
  pages={307--333},
  year={1989},
  publisher={JSTOR}
}

@article{gourieroux1984pseudo,
  title={Pseudo maximum likelihood methods: Theory},
  author={Gourieroux, Christian and Monfort, Alain and Trognon, Alain},
  journal={Econometrica},
  volume={52},
  number={3},
  pages={681--700},
  year={1984},
  publisher={JSTOR}
}

@book{gourieroux1995statistics,
  title={Statistics and econometric models},
  author={Gourieroux, Christian and Monfort, Alain},
  volume={1},
  year={1995},
  publisher={New York: Cambridge University Press}
}

@article{zehna1966invariance,
  title={Invariance of maximum likelihood estimators},
  author={Zehna, Peter W},
  journal={Annals of Mathematical Statistics},
  volume={37},
  number={3},
  pages={744},
  year={1966}
}

@article{newey1990semiparametric,
  title={Semiparametric efficiency bounds},
  author={Newey, Whitney K},
  journal={Journal of Applied Econometrics},
  volume={5},
  number={2},
  pages={99--135},
  year={1990},
  publisher={Wiley Online Library}
}

@article{imbens1994identification,
  title={Identification and estimation of local average treatment effects},
  author={Imbens, Guido W and Angrist, Joshua D},
  journal={Econometrica},
  volume={62},
  number={2},
  pages={467--475},
  year={1994},
  publisher={JSTOR}
}

@article{rivers1988limited,
  title={Limited information estimators and exogeneity tests for simultaneous probit models},
  author={Rivers, Douglas and Vuong, Quang H},
  journal={Journal of Econometrics},
  volume={39},
  number={3},
  pages={347--366},
  year={1988},
  publisher={Elsevier}
}

@article{tobin1958estimation,
  title={Estimation of relationships for limited dependent variables},
  author={Tobin, James},
  journal={Econometrica},
  volume={26},
  number={1},
  pages={24--36},
  year={1958},
  publisher={JSTOR}
}

@article{amemiya1973regression,
  title={Regression analysis when the dependent variable is truncated normal},
  author={Amemiya, Takeshi},
  journal={Econometrica},
  volume={41},
  number={6},
  pages={997--1016},
  year={1973},
  publisher={JSTOR}
}

@article{powell1984least,
  title={Least absolute deviations estimation for the censored regression model},
  author={Powell, James L},
  journal={Journal of Econometrics},
  volume={25},
  number={3},
  pages={303--325},
  year={1984},
  publisher={Elsevier}
}

@article{mcdonald1980uses,
  title={The uses of Tobit analysis},
  author={McDonald, John F and Moffitt, Robert A},
  journal={Review of Economics and Statistics},
  volume={62},
  number={2},
  pages={318--321},
  year={1980},
  publisher={JSTOR}
}
